<collection xmlns="http://www.loc.gov/MARC21/slim">
<record>
  <leader>01401nam0a2200301 i 450 </leader>
  <controlfield tag="001">IT\ICCU\CNCE\042549</controlfield>
  <controlfield tag="005">20150930000000.0</controlfield>
  <datafield tag="012" ind1=" " ind2=" ">
    <subfield code="a">nece daro a.re drPa (C) 1518 (R)</subfield>
    <subfield code="2">fei</subfield>
  </datafield>
  <datafield tag="100" ind1=" " ind2=" ">
    <subfield code="a">19981215d1518        0itac0103    ba</subfield>
  </datafield>
  <datafield tag="101" ind1=" " ind2=" ">
    <subfield code="a">ITA</subfield>
  </datafield>
  <datafield tag="102" ind1=" " ind2=" ">
    <subfield code="a">IT</subfield>
  </datafield>
  <datafield tag="200" ind1="1" ind2=" ">
    <subfield code="a">Comedia Floriana. Nuouamente impressa</subfield>
  </datafield>
  <datafield tag="210" ind1=" " ind2=" ">
    <subfield code="e">Impressa in Florentia &amp; diligentemente emendata</subfield>
    <subfield code="g">per Bartholomeo de Zanetti da Bressa</subfield>
    <subfield code="h">1518</subfield>
  </datafield>
  <datafield tag="215" ind1=" " ind2=" ">
    <subfield code="a">\36! c.</subfield>
    <subfield code="c">ill</subfield>
    <subfield code="d">8ʻ</subfield>
  </datafield>
  <datafield tag="500" ind1="1" ind2="1">
    <subfield code="3">IT\ICCU\CNCE\012866</subfield>
    <subfield code="a">Floriana</subfield>
  </datafield>
  <datafield tag="620" ind1=" " ind2=" ">
    <subfield code="a">IT</subfield>
    <subfield code="d">Firenze</subfield>
  </datafield>
  <datafield tag="712" ind1="0" ind2="0">
    <subfield code="a">Zanetti, Bartolomeo</subfield>
    <subfield code="3">IT\ICCU\CNCT\000454</subfield>
    <subfield code="4">650</subfield>
  </datafield>
  <datafield tag="791" ind1="0" ind2="2">
    <subfield code="a">Bartholomaeus Casterzagensis</subfield>
    <subfield code="3">IT\ICCU\CNCT\003567</subfield>
    <subfield code="z">Zanetti, Bartolomeo</subfield>
  </datafield>
  <datafield tag="791" ind1="0" ind2="0">
    <subfield code="a">Zanettis, Bartholomeus de</subfield>
    <subfield code="3">IT\ICCU\CNCT\005782</subfield>
    <subfield code="z">Zanetti, Bartolomeo</subfield>
  </datafield>
  <datafield tag="791" ind1="0" ind2="2">
    <subfield code="a">Bartholomaeus Brixiensis</subfield>
    <subfield code="3">IT\ICCU\CNCT\005783</subfield>
    <subfield code="z">Zanetti, Bartolomeo</subfield>
  </datafield>
  <datafield tag="791" ind1="0" ind2="0">
    <subfield code="a">Zannettus, Bartholomeus</subfield>
    <subfield code="3">IT\ICCU\CNCT\005784</subfield>
    <subfield code="z">Zanetti, Bartolomeo</subfield>
  </datafield>
  <datafield tag="791" ind1="0" ind2="0">
    <subfield code="a">Zanettus, Bartholomaeus</subfield>
    <subfield code="3">IT\ICCU\CNCT\005785</subfield>
    <subfield code="z">Zanetti, Bartolomeo</subfield>
  </datafield>
  <datafield tag="791" ind1="0" ind2="2">
    <subfield code="a">Bartholomaeus Brixianeus</subfield>
    <subfield code="3">IT\ICCU\CNCT\005786</subfield>
    <subfield code="z">Zanetti, Bartolomeo</subfield>
  </datafield>
  <datafield tag="791" ind1="0" ind2="0">
    <subfield code="a">Gianettis, Bartholomeus de</subfield>
    <subfield code="3">IT\ICCU\CNCT\005787</subfield>
    <subfield code="z">Zanetti, Bartolomeo</subfield>
  </datafield>
  <datafield tag="791" ind1="0" ind2="0">
    <subfield code="a">Zannetti, Bartolomeo</subfield>
    <subfield code="3">IT\ICCU\CNCT\005788</subfield>
    <subfield code="z">Zanetti, Bartolomeo</subfield>
  </datafield>
  <datafield tag="801" ind1=" " ind2="3">
    <subfield code="a">IT</subfield>
    <subfield code="b">ICCU</subfield>
    <subfield code="c">20201114</subfield>
  </datafield>
  <datafield tag="899" ind1=" " ind2=" ">
    <subfield code="a">Biblioteca universitaria. Bologna</subfield>
    <subfield code="1">BO0098</subfield>
    <subfield code="2">UBO BU</subfield>
  </datafield>
  <datafield tag="899" ind1=" " ind2=" ">
    <subfield code="a">Biblioteca nazionale centrale. Firenze</subfield>
    <subfield code="1">FI0098</subfield>
    <subfield code="2">CFI CF</subfield>
  </datafield>
</record>
</collection>
